%bibtex entries 

%website
@MISC{deeperblue,
	AUTHOR="J. Liang",
	TITLE={Fifteen Percent Of Ocean Floor Now Mapped},
	NOTE={[Online] Available: https://www.deeperblue.com/fifteen-percent-of-ocean-floor-now-mapped/. [Accessed Oct. 28, 2019]},
	MONTH={Jun},
	YEAR={2019}
}

@MASTERSTHESIS {afonso-thesis,
    author  = "A. M. Bonito",
    title   = "{Acoustic System for Ground Truth Underwater Positioning in DEEC’s Test Tank}",
    school  = "{Faculty of Engineering of the University of Porto}",
    year    = "2019",
    address = "Porto",
    month   = "jul"
}

%article from a journal or magazine
@ARTICLE {survey-tech-chall,
    author  = "H. P. Tan and R. Diamant and W. K. G. Seah and M. Waldmeyer",
    title   = "{A Survey of Techniques and Challenges in Underwater Localization}",
    journal = "{Ocean Engineering}",
    year    = "2011",
    volume  = "38",
    number  = "1",
    pages   = "1663-1676"
}

%e.g. chapter in book
@incollection {ocean-acoust,
    author    = "F. B. Jensen and W. A. Kuperman and M. B. Porter and H. Schmidt",
    title     = "{Fundamentals of Ocean Acoustics}",
    booktitle = "{Computational Ocean Acoustics}",
    publisher = "Springer Science \& Business Media",
    year      = "2011",
    edition   = "second",
    pages 	  = "3-17" 
}

@ARTICLE {commchan,
    author  = "M. Stojanovic and J. Preisig",
    title   = "{Underwater Acoustic Communication Channels: Propagation Models and Statistical Characterization}",
    journal = "{IEEE Communications Magazine}",
    year    = "2009",
    volume  = "47",
    number  = "1",
    pages   = "84-89",
    publisher = "IEEE"
}

@MASTERSTHESIS {thesis-joao,
    author  = "J. M. F. Magalh\~{a}es",
    title   = "{Improving Time of Arrival Estimation Using Encoded Acoustic Signals}",
    school  = "{Faculty of Engineering of the University of Porto}",
    year    = "2018",
    address = "Porto",
    month   = "jul"
}

@inproceedings {pathloss,
    author    = "D. E. Chaitanya and C. V. Sridevi and G. S. B. Rao",
    title     = "{Path loss analysis of Underwater communication systems}",
    booktitle = "{IEEE Technology Students' Symposium}",
    year      = "2011",
    pages     = "65-70",
    organization = "IEEE",
}

@ARTICLE {crosscorr,
    author  = "B. M. R. Bharathi and A. R. Mohanty",
    title   = "{Underwater Sound Source Localization by EMD-Based Maximum Likelihood Method}",
    journal = "{Acoustics Australia}",
    year    = "2018",
    volume  = "46",
    number  = "2",
    pages   = "193-203"
}

@inproceedings {sbl,
    author  = "X. You and Y. Wu and M. Zhu and X. Li and L. Zhang",
    title   = "{Low Complexity Short Baseline Localization Algorithm Based on Taylor Expansion}",
    booktitle = "{2019 IEEE International Conference on Signal Processing, Communications and Computing}",
    year    = "2019",
    pages = "1-5",
    organization = "IEEE"
}

@ARTICLE {lblsblusbl,
    author  = "K. G. Kebkala and A. I. Mashoshinc.",
    title   = "{AUV Acoustic Positioning Methods}",
    journal = "{Gyroscopy and Navigation}",
    year    = "2017",
    volume  = "8",
    number  = "1",
    pages   = "80-89",
    month   = "sep"
}

@ARTICLE {usbl-new,
    author  = "D. Sun and J. Ding and C. Zheng and W. Huang",
    title   = "{An Underwater Acoustic Positioning Algorithm for Compact Arrays With Arbitrary Configuration}",
    journal = "{IEEE Journal of Selected Topics in Signal Processing}",
    year    = "2019",
    volume  = "13",
    number  = "1",
    pages   = "120-130",
    month   = "mar"
}

@INPROCEEDINGS {triangalgo,
    author    = "J.S. Esteves and A. Carvalho and C. Couto",
    title     = "{Generalized Geometric Triangulation Algorithm for Mobile Robot Absolute Self-Localization}",
    booktitle = "{2003 IEEE International Symposium on Industrial Electronics}",
    year      = "2003",
    volume    = "1",
    pages     = "346-351",
    address   = "Rio de Janeiro, Brazil"
}

@INPROCEEDINGS {trilat,
    author    = "A. P. Pandian and T. Senjyu and S. M. S. Islam and H. Wang",
    title     = "{Weighted Trilateratiton and Centroid Combined Indoor Localization in Wifi Based Sensor Network}",
    booktitle = "{Proceeding of the International Conference on Computer Networks, Big Data and IoT (ICCBI - 2018)}",
    year      = "2019",
    pages     = "163-166",
    month     = "jul"
}

@ARTICLE {arch_localiz,
    author  = "M. Erol-Kantarci and H. T. Mouftah and S. Oktug",
    title   = "{A Survey of Architectures and Localization Techniques for Underwater Acoustic Sensor Networks}",
    journal = "{IEEE Communications Surveys \& Tutorials}",
    year    = "2011",
    volume  = "13",
    number  = "3",
    pages   = "487-502"
}

@INPROCEEDINGS {suvey-loc,
    author    = "V. Chandrasekhar and W. KG Seah and Y. S. Choo and H. V. Ee",
    title     = "Localization in Underwater Sensor Networks - Survey and Challenges",
    booktitle = "{WUWNet '06: Proceedings of the 1st ACM international workshop on Underwater networks}",
    year      = "2006",
    pages     = "33-40"
}

@ARTICLE {wirelesscomm,
    author  = "S. Gezici",
    title   = "A Survey on Wireless Position Estimation",
    journal = "{Wireless Personal Communications}",
    year    = "2008",
    volume  = "44",
    number  = "3",
    pages   = "263–282",
    note    = "Springer Science \& Business Media"
}
@MISC {evologics1,
    author = "{EvoLogics GmbH}",
    title  = "{Underwater USBL Positioning Systems}",
    year   = "2018",
    note   = "[Online] Available: https://evologics.de/usbl. [Accessed Jan. 26, 2020]"
}

@MISC {evologics2,
    author = "{EvoLogics GmbH}",
    title  = "{S2C Technology}",
    year   = "2018",
    note   = "[Online]. Available: https://evologics.de/s2c-technology [Accessed Jan. 26, 2020]"
}

@MISC {evologics3,
    author = "{EvoLogics GmbH}",
    title  = "{18/34 communication and positioning devices}",
    year   = "2018",
    note   = "[Online]. Available: https://evologics.de/acoustic-modem/18-34 [Accessed Jan. 26, 2020]"
}

@MISC {evologics4,
    author = "{EvoLogics GmbH}",
    title  = "{S2C R 12/24 USBL communication and positioning device}",
    year   = "2018",
    note   = "[Online]. Available: https://evologics.de/acoustic-modem/12-24/usbl-serie [Accessed Jan. 26, 2020]"
}

@MISC {sonardyne1,
    author = "{Sonardyne}",
    title  = "{Micro-Ranger 2 Shallow Water USBL System}",
    year   = "2020",
    note   = "[Online]. Available: https://www.sonardyne.com/product/micro-ranger-2-shallow-water-usbl-system/ [Accessed Feb. 3, 2020]"
}

@MISC {sonardyne2,
    author = "{Sonardyne}",
    title  = "{Mini-Ranger 2 Shallow Water USBL System}",
    year   = "2020",
    note   = "[Online]. Available: https://www.sonardyne.com/product/underwater-positioning-mini-ranger-2/ [Accessed Feb. 3, 2020]"
}

@MISC {hipap_hardw,
    author = "{Kongsberg Maritime}",
    title  = "{HiPAP - High Precision Acoustic Positioning}",
    year   = "2016",
    note   = "[Online]. Available: https://www.kongsberg.com/maritime/products/Acoustics-Positioning-and-Communication/acoustic-positioning-systems/hipap-models/ [Accessed May 2, 2020]"
}

@MISC {applied-easytrak,
    author = "{Applied Acoustics}",
    title  = "{Easytrak Alpha USBL System, Model 2665}",
    year   = "2020",
    note   = "[Online]. Available: https://appliedacoustics.com/wp-content/uploads/2019/10/Easytrak-Alpha-2665-Technical-Specification.pdf/ [Accessed May 3, 2020]"
}

@MISC {xilinx-board,
    author = "{XILINX}",
    title  = "{Zynq-7000 SoC Data Sheet: Overview}",
    year   = "2018",
    note   = "[Online]. Available: Available: https://www.xilinx.com/support/documentation/data\_sheets/ds190-Zynq-7000-Overview.pdf/  [Accessed Set 15, 2020]"
}

@ARTICLE {bishop-cramer-rao,
    author  = "A. N. Bishop and B. Fidan and B. D. O. Anderson and K. Do{\u{g}}an{\c{c}}ay and P. N. Pathirana",
    title   = "{Optimality analysis of sensor-target localization geometries}",
    journal = "Automatica",
    year    = "2010",
    volume  = "46",
    number  = "3",
    pages   = "479--492",
    publisher = "Elsevier"
}

@INPROCEEDINGS {cramer-bruno,
    author       = "B. Ferreira and A. Matos and N. Cruz",
    title        = "{Optimal Positioning of Autonomous Marine Vehicles for Underwater Acoustic Source Localization using TOA Measurements}",
    booktitle    = "{2013 IEEE International Underwater Technology Symposium (UT)}",
    year         = "2013",
    pages        = "1--7",
    organization = "IEEE"
}

@ARTICLE{compare-optimality-crit,
  title 	= {Relationships among Several Optimality Criteria},
  author 	= "E.A. Rady and M. M. E. Abd El-Monsef and M. M. Seyam",
  journal 	= {Interstat},
  volume 	= {15},
  number 	= {6},
  pages 	= {1--11},
  year 	= {2009}
}

@ARTICLE{multipath-rayleigh-models,
  title={Overview of Channel Models for Underwater Wireless Communication Networks},
  author={M. C. Domingo},
  journal={Physical Communication},
  volume={1},
  number={3},
  pages={163--182},
  year={2008},
  publisher={Elsevier}
}

@article{estim-plane-wavefront,
  title={Design and Experimental Validation of a USBL Underwater Acoustic Positioning System},
  author="J. Reis and M. Morgado and P. Batista and P. Oliveira and C. Silvestre",
  journal={Sensors},
  volume={16},
  number={9},
  pages={1491},
  year={2016},
  publisher={Multidisciplinary Digital Publishing Institute}
}

@inproceedings{particle-swarm-opt,
  title={Optimal Receiver Configuration Of Short-Baseline Localisation Systems Using Particle Swarm Optimisation.},
  author="C. Tholen and T. A. El-Mihoub and L. Nolle and O. Ralle and R. Rofallski",
  booktitle={ECMS},
  pages={25--31},
  year={2020}
}

@article{cordic-def,
  title={The Use of CORDIC in Software defined Radios: A Tutorial},
  author="J. Valls and T. Sansaloni and A. Perez-Pascual and V. Torres and V. Almenar",
  journal={IEEE Communications Magazine},
  volume={44},
  number={9},
  pages={46--50},
  year={2006},
  publisher={IEEE}
}

@INBOOK {hilbert-def,
    author    = "A. D. Poularikas",
    title     = {Handbook of Formulas and Tables for Signal Processing},
    chapter   = {The Hilbert Transform},
    publisher = "CRC Press",
    year      = "1999"
}

@article{hilbert-fpga,
  title={Modeling and FPGA-based implementation of an efficient and simple envelope detector using a Hilbert Transform FIR filter for ultrasound imaging applications},
  author="A. A. Assef and B. M. Ferreira and J. M. Maia and E. T. Costa",
  journal={Research on Biomedical Engineering},
  number={1},
  volume={34},
  pages={87--92},
  year={2018},
  publisher={SciELO Brasil}
}

@article{crosscorr-76,
  title={The Generalized Correlation Method for Estimation of Time Delay},
  author="C. Knapp and C. Glifford",
  journal={IEEE Transactions on Acoustics, Speech, and Signal Processing},
  volume={24},
  number={4},
  pages={320--327},
  year={1976},
  publisher={IEEE}
}

@article{triang-later,
  title={Towards Autonomous Localization and Mapping of AUVs: a survey},
  author="A. Budiyono and L. Chen and S. Wang and K. McDonald-Maier and H. Hu",
  journal={International Journal of Intelligent Unmanned Systems},
  year={2013},
  publisher={Emerald Group Publishing Limited}
}

@article{class-triang,
  title={A New Three Object Triangulation Algorithm for Mobile Robot Positioning},
  author="V. Pierlot and M. Van Droogenbroeck",
  journal={IEEE Transactions on Robotics},
  volume={30},
  number={3},
  pages={566--577},
  year={2014},
  publisher={IEEE}
}

@article{optimality-e-a-d,
  title={Underwater Anchor-AUV Localization Geometries With an Isogradient Sound Speed Profile: A CRLB-Based Optimality Analysis},
  author="Y. Zhang and Y. Li and Y. Zhang and T. Jiang",
  journal={IEEE Transactions on Wireless Communications},
  volume={17},
  number={12},
  pages={8228--8238},
  year={2018},
  publisher={IEEE}
}

@article{pso-surv,
  title={A Comprehensive Survey on Particle Swarm Optimization Algorithm and Its Applications},
  author="Y. Zhang and S. Wang and G. Ji",
  journal={Mathematical Problems in Engineering},
  volume={2015},
  year={2015},
  publisher={Hindawi}
}

@article{d-opt-mislead,
  title={Optimal Sensor Placement for 3-D Angle-of-Arrival Target Localization},
  author="S. Xu and K. Do{\u{g}}an{\c{c}}ay",
  journal={IEEE Transactions on Aerospace and Electronic Systems},
  volume={53},
  number={3},
  pages={1196--1211},
  year={2017},
  publisher={IEEE}
}

@article{d-opt,
  title={Optimal Sensor Placement for Acoustic Underwater Target Positioning with Range-Only Measurements},
  author="D. Moreno-Salinas and A. Pascoal and J. Aranda",
  journal={IEEE Journal of Oceanic Engineering},
  volume={41},
  number={3},
  pages={620--643},
  year={2016},
  publisher={IEEE}
}

@article{und-localiz-survey,
  title={A Review of Underwater Localization Techniques, Algorithms, and Challenges},
  author="X. Su and I. Ullah and X. Liu and D. Choi",
  journal={Journal of Sensors},
  volume={2020},
  year={2020},
  publisher={Hindawi}
}

@article{leassquare-lbl,
  title={Underwater Target Localization using Long Baseline Positioning System},
  author="J. Zhang and Y. Han and C.  Zheng and D. Sun",
  journal={Applied Acoustics},
  volume={111},
  pages={129--134},
  year={2016},
  publisher={Elsevier}
}

@book{doppler-eq,
  title={The Micro-Doppler Effect in Radar},
  author={V. C. Chen},
  year={2019},
  publisher={Artech House}
}